@online{locked_candidates_rules,
	title = {RÃ©gle locked candidates },
	url = {https://sudoku.megastar.fr/blog/2018/05/31/reductions-locked-candidate/},
}
